<?xml version="1.0" encoding="UTF-8"?><collection xmlns="http://www.loc.gov/MARC21/slim"><record><leader>00520nam--2200169-i-4500</leader><controlfield tag="001">000049173</controlfield><controlfield tag="002">20161230</controlfield><controlfield tag="005">20161230201047</controlfield><controlfield tag="008">060222s1000------------r-----000-0-eng-d</controlfield><datafield ind1=" " ind2=" " tag="040"><subfield code="a">IFIN-HH</subfield></datafield><datafield ind1=" " ind2=" " tag="080"><subfield code="a">539.2</subfield></datafield><datafield ind1="1" ind2=" " tag="100"><subfield code="a">Parry, Peter David</subfield></datafield><datafield ind1="1" ind2="0" tag="245"><subfield code="a">Optical pumping and optically monitored spin resonance in f-centers in kbr and kc1</subfield><subfield code="b">Dissertation</subfield><subfield code="c">Peter david parry</subfield></datafield><datafield ind1=" " ind2=" " tag="260"><subfield code="a">Ann Arbor, Michigan</subfield><subfield code="b">University Microfilms, Inc</subfield><subfield code="c">1969</subfield></datafield><datafield ind1=" " ind2=" " tag="300"><subfield code="a">199P</subfield></datafield><datafield ind1=" " ind2=" " tag="852"><subfield code="a">35584</subfield><subfield code="c">539.2</subfield></datafield><datafield ind1=" " ind2=" " tag="CAT"><subfield code="a">Sys</subfield><subfield code="c">20121019</subfield><subfield code="h">111627</subfield></datafield></record></collection>